@inproceedings{al2013lucky,
  title={Lucky thirteen: Breaking the TLS and DTLS record protocols},
  author={Al Fardan, Nadhem J and Paterson, Kenneth G},
  booktitle={Security and Privacy (SP), 2013 IEEE Symposium on},
  pages={526--540},
  year={2013},
  organization={IEEE}
}

@inproceedings{conf/cav/SenA06,
    author = "Sen, Koushik and Agha, Gul",
    editor = "Ball, Thomas and Jones, Robert B.",
    title = "CUTE and jCUTE: Concolic Unit Testing and Explicit Path
             Model-Checking Tools",
    booktitle = "CAV",
    crossref = "conf/cav/2006",
    ee = "http://dx.doi.org/10.1007/11817963_38",
    keywords = "formal methods, software engineering",
    pages = "419-423",
    year = "2006",
}

@proceedings{conf/cav/2006,
    editor = "Ball, Thomas and Jones, Robert B.",
    title = "Computer Aided Verification, 18th International
             Conference, CAV 2006, Seattle, WA, USA, August 17-20, 2006,
             Proceedings",
    isbn = "3-540-37406-X",
    publisher = "Springer",
    series = "Lecture Notes in Computer Science",
    volume = "4144",
    year = "2006",
}

@inproceedings{jayaraman2009jfuzz,
  title={jFuzz: A Concolic Whitebox Fuzzer for Java.},
  author={Jayaraman, Karthick and Harvison, David and Ganesh, Vijay and Kiezun, Adam},
  booktitle={NASA Formal Methods},
  pages={121--125},
  year={2009}
}

@misc{OpenJDK,
  author = {{Oracle Corporation}},
  title = {{OpenJDK} a free and open source implementation of the Java Platform},
  year = 2016,
  howpublished= {\url{http://openjdk.java.net/}},
  note = {Accessed: 2016-01-30}
}

@inproceedings{vallee1999soot,
  title={Soot-a Java bytecode optimization framework},
  author={Vall{\'e}e-Rai, Raja and Co, Phong and Gagnon, Etienne and Hendren, Laurie and Lam, Patrick and Sundaresan, Vijay},
  booktitle={Proceedings of the 1999 conference of the Centre for Advanced Studies on Collaborative research},
  pages={13},
  year={1999},
  organization={IBM Press}
}

@misc{djb2Hash,
  author = {Daniel Bernstein},
  title = {Hash function},
  howpublished= {\url{http://www.cse.yorku.ca/~oz/hash.html}},
  note = {Accessed: 2016-04-30}
}
